@Misc{KuaiZip,
author =   {KuaiZip.com},
title =    {KuaiZip - Ultra Fast Compressor},
howpublished = {\url{http://www.kuaizip.com/en/}},
year = {2010--2013}
}
@Misc{UnZip,
	author =   {Info-ZIP},
	title =    {UnZip 6.00},
	howpublished = {\url{http://www.kuaizip.com/en/}},
	date = {2009-04-20}
}
@Misc{tar,
	author =   "{Free Software Foundation}",
	title =    {tar 1.32},
	howpublished = {\url{http://www.gnu.org/software/tar/manual}},
	date = {2019-02-23}
}
@Misc{gzip,
	author =   "{Free Software Foundation}",
	title =    {gzip},
	howpublished = {\url{http://www.gnu.org/software/tar/manual}},
	date = {2019-02-23}
}
@Misc{bzip2,
	author =   {Julian Seward},
	title =    {bzip2 1.0.8},
	howpublished = {\url{https://sourceware.org/bzip2/}},
	year = {1996--2019}
}
@article{parallel,
	title={GNU Parallel: The Command-Line Power Tool.},
	author={Tange, Ole},
	journal={Log in},
	volume={36},
	year={2011}
}
@Misc{xz,
	author = {Tukaani},
	title =    {XZ Utils 5.2.4},
	howpublished = {\url{https://tukaani.org/xz/}},
	date = {2017-04-19}
}